@misc{zeroconf,
author = {ZEROCONF},
title = {http://www.zeroconf.org/},
month = {Jun},
year = {2012}
}

@misc{mdns,
author = {mDNS},
title = {http://www.multicastdns.org/},
month = {jun},
year = {2012}
}

@misc{dnssd,
author = {DNS--SD},
title = {http://www.dns-sd.org/},
month = {jun},
year = {2012}
}

@misc{rfc1035,
author = {Paul Mockapetris},
title = {http://www.ietf.org/rfc/rfc1035.txt},
month = {jun},
year = {2012}
}

@ARTICLE{mcdns,
author={Sanghyun Ahn, Yujin Lim},
journal={9th International Symposium on Communications and Information Technology. ISCIT 2009.},
title={A Modified Centralized DNS Approach for the Dynamic MANET Environment},
year={2009},
month={Setembro},
pages={1506	-- 1510},
doi={10.1109/ISCIT.2009.5341020},
ISSN={978-1-4244-4521-9}
}

@ONLINE{orbit,
author = {WINLAB, Rutgers University},
title = {http://www.orbit-lab.org/},
month = {fevereiro},
year = {2013},
url = {http://www.orbit-lab.org/}
}

@ONLINE{aodv,
author = {C. Perkins and E. Belding-Royer and S. Das},
title = {http://www.ietf.org/rfc/rfc3561.txt},
month = {Julho},
year = {2003},
url = {http://www.ietf.org/rfc/rfc3561.txt}
}

@ONLINE{dsr,
author = {D. Johnson and Y. Hu and  D. Maltz},
title = {http://www.ietf.org/rfc/rfc4728.txt},
month = {Fevereiro},
year = {2007},
url = {http://www.ietf.org/rfc/rfc4728.txt}
}

@ONLINE{winlab,
author = {WINLAB, Rutgers University},
title = {http://www.winlab.rutgers.edu/},
month = {Fevereiro},
year = {2013},
url = {http://www.winlab.rutgers.edu/}
}

@ONLINE{qos1,
author = {Zeinalipour-Yazti Demetris},
title = {A Glance at Quality of Services in Mobile Ad-Hoc Networks},
month = {Novembro},
year = {2001},
url = {http://alumni.cs.ucr.edu/~csyiazti/courses/cs260/manetqos.pdf}
}

@ARTICLE{qos2,
author={PRASANT MOHAPATRA and JIAN LI and AND CHAO GUI},
journal={IEEE Wireless Communications},
title={QOS IN MOBILE AD HOC NETWORKS},
year={2003},
month={Junho},
pages={44 - 52},
doi={10.1109/MWC.2003.1209595},
ISSN={1536-1284}
}

@ARTICLE{manet-state,
author={Jun-Zhao Sun},
journal={International Conferences on Info-tech and Info-net, 2001. Proceedings. ICII 2001 - Beijing. 2001},
title={Mobile ad hoc networking: an essential technology for pervasive computing},
year={2001},
month={Outubro},
pages={316 - 321 vol.3 },
doi={10.1109/ICII.2001.983076},
ISBN={0-7803-7010-4}
}